@misc{W:APricingModelforInclusionPreconfirmations,
    title = {{A Pricing Model for Inclusion Preconfirmations}},
    author = {{Finn Casey-Fierro} and {Conor McMenamin} and {Lorenzo Feroleto} and {Fra Mosterts}},
    url = {https://research.lido.fi/t/a-pricing-model-for-inclusion-preconfirmations/9136}
}

@misc{W:Ahead-of-TimeBlockAuctionsToEnableExecutionPreconfirmations,
    title = {{Ahead-of-Time Block Auctions To Enable Execution Preconfirmations}},
    author = {{Irfan Shaik}},
    url = {https://ethresear.ch/t/ahead-of-time-block-auctions-to-enable-execution-preconfirmations/21345}
}

@misc{W:AnalysingExpectedProposerRevenuefromPreconfirmations,
    title = {{Analysing Expected Proposer Revenue from Preconfirmations}},
    author = {{Conor McMenamin}},
    url = {https://research.lido.fi/t/analysing-expected-proposer-revenue-from-preconfirmations/8954}
}

@misc{Arbitrum,
    title = {{The Sequencer and Censorship Resistance}},
    author = {{Arbitrum}},
    url = {https://docs.arbitrum.io/how-arbitrum-works/sequencer}
}

@misc{ZKsync,
    title = {{ZKsync Docs}},
    author = {{ZKsync}},
    url = {https://docs.zksync.io}
} 

@misc{Starknet,
    title = {{Starknet Docs: Transactions}},
    author = {{Starknet}},
    url = {https://docs.starknet.io/learn/protocol/transactions}
}

@misc{EIP-3675,
    title = {{EIP-3675: Upgrade consensus to Proof-of-Stake}},
    author = {{Mikhail Kalinin} and {Danny Ryan} and {Vitalik Buterin}},
    url = {https://eips.ethereum.org/EIPS/eip-3675}
}

@misc{W:AnalyzingBFTProposer-PromisedPreconfirmations,
    title = {{Analyzing BFT {\&} Proposer-Promised Preconfirmations}},
    author = {{Ellie Davidson}},
    url = {https://ethresear.ch/t/analyzing-bft-proposer-promised-preconfirmations/17963}
}

@misc{MEV-Boost,
    author = {Flashbots},
    title = {MEV-Boost},
    url = {https://github.com/flashbots/mev-boost},
    note = {Accessed: 2025-07-14}
}

@misc{MEV.pics,
    author = {Anton Wahrstätter},
    title = {MEV-Boost Dashboard},
    url = {https://mevboost.pics/},
    note = {Accessed: 2025-07-14}
}

@misc{EIP7917,
    author = {Oshitani, Lin and Drake, Justin},
    title = {EIP-7917: Deterministic proposer lookahead},
    url = {https://eips.ethereum.org/EIPS/eip-7917},
    note = {Accessed: 2025-07-21}
}

@misc{ETH2_book,
    author = {Ben Edgington},
    title = {Upgrading Ethereum: A technical handbook on Ethereum's move to proof of stake and beyond},
    url = {https://eth2book.info/capella/},
    note = {Accessed: 2025-07-23}
}

@inproceedings{3_PoS_Attacks,
author = {Schwarz-Schilling, Caspar and Neu, Joachim and Monnot, Barnab\'{e} and Asgaonkar, Aditya and Tas, Ertem Nusret and Tse, David},
title = {Three Attacks on&nbsp;Proof-of-Stake Ethereum},
year = {2022},
isbn = {978-3-031-18282-2},
publisher = {Springer-Verlag},
doi = {10.1007/978-3-031-18283-9_28},
booktitle = {Financial Cryptography and Data Security: 26th International Conference, FC 2022, Grenada, May 2–6, 2022, Revised Selected Papers},
pages = {560–576},
}

@misc{L2_versus_execution_sharding,
    author = {Buterin, Vitalik},
    title = {How do layer 2s really differ from execution sharding?},
    url = {https://vitalik.eth.limo/general/2024/05/23/l2exec.html},
    note = {Accessed: 2025-07-24}
}

@misc{wiki_the_DAO,
    author={Wikipedia contributors},
    title={The DAO},
    year={2025},
    url={https://en.wikipedia.org/wiki/The_DAO},
    note={Accessed 2025-07-24}
}

@misc{W:Basedpreconfirmations,
    title = {{Based preconfirmations}},
    author = {{Justin Drake}},
    url = {https://ethresear.ch/t/based-preconfirmations/17353}
}
    
@article{EIP1559_Economic_Analysis,
  author       = {Tim Roughgarden},
  title        = {Transaction Fee Mechanism Design for the Ethereum Blockchain: An Economic Analysis of {EIP-1559}},
  journal      = {CoRR},
  volume       = {abs/2012.00854},
  year         = {2020},
  url          = {https://arxiv.org/abs/2012.00854},
}

@misc{TheLimitstoBlockchainScalability,
    author = {Buterin, Vitalik},
    title = {The Limits to Blockchain Scalability},
    url = {https://vitalik.eth.limo/general/2021/05/23/scaling.html},
    note = {Accessed: 2025-07-23"}
}

@InProceedings{SoK_L2s,
author="Gudgeon, Lewis and Moreno-Sanchez, Pedro and Roos, Stefanie and McCorry, Patrick and Gervais, Arthur",
title="SoK: Layer-Two Blockchain Protocols",
booktitle="Financial Cryptography and Data Security",
year="2020",
publisher="Springer International Publishing",
address="Cham",
pages="201--226",
isbn="978-3-030-51280-4"
}

@misc{W:AnatomyofaSlot:Thetumultuous12secondsduringEthereumslots,
    title = {{Anatomy of a Slot: The tumultuous 12 seconds during Ethereum slots}},
    author = {{Chris Meisl}},
    url = {https://www.blocknative.com/blog/anatomy-of-a-slot}
}

@misc{W:NativeRollups-SuperpowersfromL1execution,
    title = {{Native rollups - superpowers from L1 execution}},
    author = {{Justin Drake}},
    url = {https://ethresear.ch/t/native-rollups-superpowers-from-l1-execution/21517}
}

@misc{W:AvoidingAccidentalLivenessFaultsforBasedPreconfs,
    title = {{Avoiding Accidental Liveness Faults for Based Preconfs}},
    author = {{Matthew}},
    url = {https://ethresear.ch/t/avoiding-accidental-liveness-faults-for-based-preconfs/19888}
}

@misc{W:AwesomeBasedPreconfirmations,
    title = {{Awesome Based Preconfirmations}},
    author = {{Fabric}},
    url = {https://eth-fabric.github.io/website/education/awesome-based-preconfs#introduction}
}

@misc{W:IntroductionToSmartContracts,
    title = {{Introduction to Smart Contracts}},
    author = {{ }},
    url = {https://ethereum.org/en/developers/docs/smart-contracts/}
}

@misc{W:BasedPreconfirmationswithMulti-roundMEV-Boost,
    title = {{Based Preconfirmations with Multi-round MEV-Boost}},
    author = {{Lin Oshitani}},
    url = {https://ethresear.ch/t/based-preconfirmations-with-multi-round-mev-boost/20091}
}

@misc{W:BasedrollupssuperpowersfromL1sequencing,
    title = {{Based rollups—superpowers from L1 sequencing}},
    author = {{Justin Drake}},
    url = {https://ethresear.ch/t/based-rollups-superpowers-from-l1-sequencing/15016}
}

@misc{W:BecomingBased:APathtowardsDecentralisedSequencing,
    title = {{Becoming Based: A Path towards Decentralised Sequencing}},
    author = {{Kubi Mensah}},
    url = {https://ethresear.ch/t/becoming-based-a-path-towards-decentralised-sequencing/21733}
}

@misc{W:BlockspaceFutures,
    title = {{Blockspace Futures}},
    author = {{TL;DR The Latest in Defi Research}},
    url = {https://www.thelatestindefi.org/tldr/tldr-request-for-papers/blockspace-futures}
}

@misc{W:CrediblyNeutralPreconfirmationCollateral:ThePreconfirmationRegistry,
    title = {{Credibly Neutral Preconfirmation Collateral: The Preconfirmation Registry}},
    author = {{Matthew}},
    url = {https://ethresear.ch/t/credibly-neutral-preconfirmation-collateral-the-preconfirmation-registry/19634}
}

@misc{W:DelegationinBolt:OutsourcingSophisticationWhilePreservingDecentralization,
    title = {{Delegation in Bolt: Outsourcing Sophistication While Preserving Decentralization}},
    author = {{Francesco Mosterts} and {Jonas Bostoen}},
    url = {https://research.chainbound.io/delegation-in-bolt-outsourcing-sophistication-while-preserving-decentralization}
}

@misc{W:Documentation-BidDecayMechanism,
    title = {{Documentation - Bid Decay Mechanism}},
    author = {{Primev}},
    url = {https://docs.primev.xyz/v1.1.0/concepts/bids/bid-decay-mechanism}
}

@misc{W:Documentation-BidStructure,
    title = {{Documentation - Bid Structure}},
    author = {{Primev}},
    url = {https://docs.primev.xyz/v1.1.0/concepts/bids/bid-structure}
}

@misc{W:Documentation-Commitments,
    title = {{Documentation - Commitments}},
    author = {{Primev}},
    url = {https://docs.primev.xyz/v1.1.0/concepts/commitments}
}

@misc{W:Documentation-RegisteringasaProvider,
    title = {{Documentation - Registering as a Provider}},
    author = {{Primev}},
    url = {https://docs.primev.xyz/v1.1.0/get-started/providers/registering-a-provider}
}

@misc{W:Documentation-SecurityPrivacy,
    title = {{Documentation - Security {\&} Privacy}},
    author = {{Primev}},
    url = {https://docs.primev.xyz/v1.1.0/concepts/privacy}
}

@misc{W:Documentation-Understandingmev-commit,
    title = {{Documentation - Understanding mev-commit}},
    author = {{Primev}},
    url = {https://docs.primev.xyz/v1.1.0/concepts/network-overview}
}

@misc{W:EconomicViabilityofPreconfirmations,
    title = {{Economic Viability of Preconfirmations}},
    author = {{Conor McMenamin}},
    url = {https://research.lido.fi/t/updated-lego-proposal-economic-viability-of-preconfirmations/8631}
}

@misc{W:EstimatingtheRevenuefromIndependentSub-SlotAuctionPreconfirmations,
    title = {{Estimating the Revenue from Independent Sub-Slot Auction Preconfirmations}},
    author = {{Finn Casey-Fierro} and {Conor McMenamin}},
    url = {https://research.lido.fi/t/estimating-the-revenue-from-independent-sub-slot-auction-preconfirmations/8801}
}

@misc{W:Intent-BasedArchitectureandTheirRisks,
    title = {{Intent-Based Architecture and Their Risks}},
    author = {{Georgios Konstantopoulos} and {Quintus Kilbourn}},
    url = {https://www.paradigm.xyz/2023/06/intents}
}

@misc{ERC-7521,
    title = {ERC-7521: General Intents for Smart Contract Wallets},
    author = {{Stephen Monn} and {Bikem Bengisu}},
    url = {https://eips.ethereum.org/EIPS/eip-7521}
}

% who to place as author?
@misc{Optimism,
    title = {{Optimism}},
    url = {{https://github.com/ethereum-optimism/optimism/tree/51eeb76efeb32b3df3e978f311188aa29f5e3e94}}
}


@inproceedings{P:Fairexchangewithasemi-trustedthirdparty,
    title = {{Fair exchange with a semi-trusted third party}},
    year = {1997},
    booktitle = {Proceedings of the 4th ACM Conference on Computer and Communications Security},
    author = {Franklin, Matthew K and Reiter, Michael K},
    pages = {1--6},
    series = {CCS '97},
    publisher = {Association for Computing Machinery},
    url = {https://doi.org/10.1145/266420.266424},
    address = {New York, NY, USA},
    isbn = {0897919122},
    doi = {10.1145/266420.266424}
}

@misc{W:Fairexchangewithoutatrustedthirdparty,
    title = {{Fair exchange without a trusted third party}},
    author = {{Justin Drake}},
    url = {https://ethresear.ch/t/fair-exchange-without-a-trusted-third-party/255}
}

@misc{W:GitHub-ExampleSlasherImplementations,
    title = {{GitHub - Example Slasher Implementations}},
    author = {{Fabric}},
    url = {https://github.com/eth-fabric/urc/tree/main/example}
}

@misc{W:GitHub-UniversalRegistryContract,
    title = {{GitHub - Universal Registry Contract}},
    author = {{Fabric}},
    url = {https://github.com/eth-fabric/urc}
}

@misc{W:LeaderlessandLeader-BasedPreconfirmations,
    title = {{Leaderless and Leader-Based Preconfirmations}},
    author = {{Christian Matt}},
    url = {https://ethresear.ch/t/leaderless-and-leader-based-preconfirmations/19971}
}

@inproceedings{P:OntheImpossibilityofFairExchangewithoutaTrustedThirdParty,
    title = {{On the Impossibility of Fair Exchange without a Trusted Third Party}},
    year = {1999},
    author = {Pagnia, Henning and Darmstadt, Felix C Gartner},
    url = {https://api.semanticscholar.org/CorpusID:11671049}
}

@misc{W:OpportunitiesandConsiderationsofEthereumsBlockspaceFuture,
    title = {{Opportunities and Considerations of Ethereum’s Blockspace Future}},
    author = {Van der Werff, Drew and Matthews, Alex},
    url = {https://frontier.tech/ethereums-blockspace-future}
}

@misc{W:OrderflowauctionsandcentralisationII:orderflowauctions,
    title = {{Order flow, auctions and centralisation II: order flow auctions}},
    author = {{Quintus Kilbourn}},
    url = {https://collective.flashbots.net/t/order-flow-auctions-and-centralisation-ii-order-flow-auctions/284}
}

@misc{W:PreconfirmationFairExchange,
    title = {{Preconfirmation Fair Exchange}},
    author = {{Conor McMenamin}},
    url = {https://ethresear.ch/t/preconfirmation-fair-exchange/21891}
}

@misc{W:PreconfirmationsforVanillaBasedRollups,
    title = {{Preconfirmations for Vanilla Based Rollups}},
    author = {{George Spasov} and {Daniel Ivanov}},
    url = {https://github.com/LimeChain/based-preconfirmations-research/blob/main/docs/preconfirmations-for-vanilla-based-rollups.md}
}

@misc{W:PreconfirmationsGlossaryRequirements,
    title = {{Preconfirmations Glossary {\&} Requirements}},
    author = {{George Spasov}},
    url = {https://hackmd.io/@Perseverance/Sy4a_BX2p}
}

@misc{W:PreconfirmationsundertheNOlens,
    title = {{Preconfirmations under the NO lens}},
    author = {{Umberto Natale}},
    url = {https://ethresear.ch/t/preconfirmations-under-the-no-lens/19975}
}

@misc{W:Preconfirmations:Explained,
    title = {{Preconfirmations: Explained}},
    author = {{Luganodes}},
    url = {https://www.luganodes.com/blog/preconfirmations-explained/}
}

@misc{W:Preconfirmations:TheFulfillment-DeliveryParadigm,
    title = {{Preconfirmations: The Fulfillment-Delivery Paradigm}},
    author = {{Murat Akdeniz}},
    url = {https://mirror.xyz/preconf.eth/sgcuSbd1jgaRXj9odSJW-_OlWIg6jcDREw1hUJnXtgI}
}

@misc{W:PricingTransactionsforPreconfirmation,
    title = {{Pricing Transactions for Preconfirmation}},
    author = {{Beno{\^{i}}t Robaglia} and {Umberto Natale} and {Michael Moser}},
    url = {https://ethresear.ch/t/pricing-transactions-for-preconfirmation/21802}
}

@misc{W:Proposer-CommitmentInfrastructureinEthereum,
    title = {{Proposer-Commitment Infrastructure in Ethereum}},
    author = {{Simon Brown}},
    url = {https://simbro.medium.com/proposer-commitment-infrastructure-in-ethereum-61ad3b31f05f}
}

@misc{W:RestakingOverview,
    title = {{Restaking Overview}},
    author = {{EigenCloud}},
    url = {https://docs.eigencloud.xyz/products/eigenlayer/restakers/concepts/overview}
}

@misc{W:SequencerOpt-InDiscoveryandCommunication,
    title = {{Sequencer Opt-In, Discovery and Communication}},
    author = {{George Spasov} and {Daniel Ivanov}},
    url = {https://github.com/LimeChain/based-preconfirmations-research/blob/732cb92474554c2529aabc61e83b8f0934ce6adf/docs/optin-mechanics.md}
}

@misc{W:SmartContractVulnerabilitiesandMitigationStrategies,
    title = {{Smart Contract Vulnerabilities and Mitigation Strategies}},
    author = {{Nethermind}},
    url = {https://www.nethermind.io/blog/smart-contract-vulnerabilities-and-mitigation-strategies}
}

@misc{W:SolutionstothePreconfFairExchangeProblem,
    title = {{Solutions to the Preconf Fair Exchange Problem}},
    author = {{Yaonam}},
    url = {https://ethresear.ch/t/solutions-to-the-preconf-fair-exchange-problem/19779}
}

@misc{W:StrawmanningBasedPreconfirmations,
    title = {{Strawmanning Based Preconfirmations}},
    author = {{Lin Oshitani}},
    url = {https://ethresear.ch/t/strawmanning-based-preconfirmations/19695}
}

@misc{W:ThePreconfirmationGatewayUnlockingPreconfirmations:FromUsertoPreconfer,
    title = {{The Preconfirmation Gateway {\~{}} Unlocking Preconfirmations: From User to Preconfer}},
    author = {{Matthew}},
    url = {https://ethresear.ch/t/the-preconfirmation-gateway-unlocking-preconfirmations-from-user-to-preconfer/18812}
}

@misc{W:ThePreconfirmationSauna,
    title = {{The Preconfirmation Sauna}},
    author = {{Conor McMenamin}},
    url = {https://ethresear.ch/t/the-preconfirmation-sauna/19762}
}

@misc{W:Towardsanimplementationofbasedpreconfirmationsleveragingrestaking,
    title = {{Towards an implementation of based preconfirmations leveraging restaking}},
    author = {{Cairo}},
    url = {https://ethresear.ch/t/towards-an-implementation-of-based-preconfirmations-leveraging-restaking/19211}
}

@misc{W:UniversalRegistryContract,
    title = {{Universal Registry Contract}},
    author = {{Fabric}},
    url = {https://eth-fabric.github.io/website/development/l1-components/urc}
}

@misc{W:User-DefinedPenalties:EnsuringHonestPreconfBehavior,
    title = {{User-Defined Penalties: Ensuring Honest Preconf Behavior}},
    author = {{Jonah Burian}},
    url = {https://ethresear.ch/t/user-defined-penalties-ensuring-honest-preconf-behavior/19545}
}

@misc{W:Value-CapturingBasedRollupswithBasedPreconfirmations,
    title = {{Value-Capturing Based Rollups with Based Preconfirmations}},
    author = {{Conor McMenamin}},
    url = {https://collective.flashbots.net/t/value-capturing-based-rollups-with-based-preconfirmations/2884}
}
@misc{W:Future-ProofingPreconfirmations,
    title = {{Future-Proofing Preconfirmations}},
    author = {Stouka, Aikaterini-Panagiota and McMenamin, Conor},
    url = {https://ethresear.ch/t/future-proofing-preconfirmations/22618}
}
@misc{W:Taiyi-off-chaincomponents,
    title = {{Taiyi - off-chain components}},
    author = {{Luban}},
    url = {https://docs.luban.wtf/learn/architecture/off_chain_components/overview}
}

@misc{W:MaximalExtractableValueMEV,
    title = {{Maximal Extractable Value (MEV)}},
    author = {{Chainlink}},
    url = {https://chain.link/education-hub/maximal-extractable-value-mev}
}

@misc{P:combiningghostcasper,
      title={Combining GHOST and Casper}, 
      author={Vitalik Buterin and Diego Hernandez and Thor Kamphefner and Khiem Pham and Zhi Qiao and Danny Ryan and Juhyeok Sin and Ying Wang and Yan X Zhang},
      year={2020},
      eprint={2003.03052},
      archivePrefix={arXiv},
      primaryClass={cs.CR},
      url={https://arxiv.org/abs/2003.03052}, 
}

@misc{ExaminingSpectrum,
    title = {{Examining the Based Sequencing Spectrum}},
    url = {https://research.chainbound.io/examining-the-based-sequencing-spectrum}
}

@misc{W:ExaminingtheBasedSequencingSpectrum,
    title = {{Examining the Based Sequencing Spectrum}},
    author = {{Jonas Bostoen}},
    url = {https://research.chainbound.io/examining-the-based-sequencing-spectrum}
}

@misc{W:ComparativeAnalysisofOptimismandOtherLayer2GovernanceMechanisms,
    title = {{Comparative Analysis of Optimism and Other Layer2 Governance Mechanisms}},
    author = {{Superchain Eco}},
    url = {https://www.coinlive.com/news/comparative-analysis-of-optimism-and-other-layer2-governance-mechanisms}
}

@misc{W:ATaxonomyofPreconfirmationGuaranteesandTheirSlashingConditionsinRollups,
    title = {{A Taxonomy of Preconfirmation Guarantees and Their Slashing Conditions in Rollups}},
    author = {{Joseph Delong}},
    url = {https://ethresear.ch/t/a-taxonomy-of-preconfirmation-guarantees-and-their-slashing-conditions-in-rollups/22130}
}

@misc{W:Proposer-builderseparation,
    title = {{Proposer-builder separation}},
    author = {{Ethereum}},
    url = {https://ethereum.org/roadmap/pbs/}
}

@misc{W:TheMerge--TheBeaconChain,
    title = {{The Merge -- The Beacon Chain}},
    author = {{Ethereum}},
    url = {https://github.com/ethereum/annotated-spec/blob/master/merge/beacon-chain.md?utm_source#executionpayload}
}

@misc{W:PreconfirmationRegistry,
    title = {{Preconfirmation Registry}},
    author = {{Spire Labs}},
    url = {https://github.com/ethereum/annotated-spec/blob/master/merge/beacon-chain.md?utm_source#executionpayload}
}

@misc{W:PacayaFork,
    title = {{Pacaya Fork}},
    author = {{Taiko Alethia Docs}},
    url = {https://docs.taiko.xyz/taiko-alethia-protocol/protocol-design/pacaya-fork-taiko-alethia}
}

@misc{W:TaikoPreconfDesign,
    title = {{Taiko Preconf Design}},
    author = {{Luban}},
    url = {https://hackmd.io/@luban/HJY_X9y1le}
}

@misc{W:Restaking101:APrimeronEigenLayer,
    title = {{Restaking 101: A Primer on EigenLayer}},
    author = {{Ben Wee}},
    url = {https://medium.com/%40benhwx/restaking-101-a-primer-on-eigenlayer-ad9bc69875bc}
}

@misc{W:TheDerivationPipeline,
    title = {{The Derivation Pipeline}},
    author = {{Espresso Systems}},
    url = {https://hackmd.io/@EspressoSystems/the-derivation-pipeline#Signing-atomic-bundle-transactions}
}

@misc{W:DeveloperDocs,
    title = {{Developer Docs}},
    author = {{ETHGas}},
    url = {https://developers.ethgas.com}
}

@phdthesis{T:Fairnessinelectroniccommerce,
author = {Asokan, N.},
title = {Fairness in electronic commerce},
year = {1998},
publisher = {University of Waterloo},
address = {CAN},
note = {UML Order No. GAXNQ-32811}
}

@article{P:Partiallyorderedknapsackandapplicationstoscheculing,
title = {Partially ordered knapsack and applications to scheduling},
journal = {Discrete Applied Mathematics},
volume = {155},
number = {8},
pages = {889-897},
year = {2007},
issn = {0166-218X},
doi = {https://doi.org/10.1016/j.dam.2006.08.006},
url = {https://www.sciencedirect.com/science/article/pii/S0166218X0600388X},
author = {Stavros G. Kolliopoulos and George Steiner},
keywords = {Approximation algorithms, Knapsack, Partial orders, Scheduling}
}

@misc{W:ConstraintsAPISpecification,
    title = {{Constraints API Specification}},
    author = {{Fabric}},
    url = {https://github.com/eth-fabric/constraints-specs/blob/main/specs/constraints-api.md}
}

@misc{W:FaultAttribution,
    title = {{Fault Attribution}},
    author = {{Fabric}},
    url = {https://github.com/eth-fabric/constraints-specs/blob/main/specs/fault-attribution.md}
}