@misc{W:APricingModelforInclusionPreconfirmations,
    title = {{A Pricing Model for Inclusion Preconfirmations}},
    author = {{Finn Casey-Fierro} and {Conor McMenamin} and {Lorenzo Feroleto} and {Fra Mosterts}},
    url = {https://research.lido.fi/t/a-pricing-model-for-inclusion-preconfirmations/9136}
}

@misc{W:Ahead-of-TimeBlockAuctionsToEnableExecutionPreconfirmations,
    title = {{Ahead-of-Time Block Auctions To Enable Execution Preconfirmations}},
    author = {{Irfan Shaik}},
    url = {https://ethresear.ch/t/ahead-of-time-block-auctions-to-enable-execution-preconfirmations/21345}
}

@misc{W:AnalysingExpectedProposerRevenuefromPreconfirmations,
    title = {{Analysing Expected Proposer Revenue from Preconfirmations}},
    author = {{Conor McMenamin}},
    url = {https://research.lido.fi/t/analysing-expected-proposer-revenue-from-preconfirmations/8954}
}

@misc{W:AnalyzingBFTProposer-PromisedPreconfirmations,
    title = {{Analyzing BFT {\&} Proposer-Promised Preconfirmations}},
    author = {{Ellie Davidson}},
    url = {https://ethresear.ch/t/analyzing-bft-proposer-promised-preconfirmations/17963}
}

@misc{W:AnatomyofaSlot:Thetumultuous12secondsduringEthereumslots,
    title = {{Anatomy of a Slot: The tumultuous 12 seconds during Ethereum slots}},
    author = {{Chris Meisl}},
    url = {https://www.blocknative.com/blog/anatomy-of-a-slot}
}

@misc{W:AvoidingAccidentalLivenessFaultsforBasedPreconfs,
    title = {{Avoiding Accidental Liveness Faults for Based Preconfs}},
    author = {{Matthew}},
    url = {https://ethresear.ch/t/avoiding-accidental-liveness-faults-for-based-preconfs/19888}
}

@misc{W:AwesomeBasedPreconfirmations,
    title = {{Awesome Based Preconfirmations}},
    author = {{Fabric}},
    url = {https://eth-fabric.github.io/website/education/awesome-based-preconfs#introduction}
}

@misc{W:Basedpreconfirmations,
    title = {{Based preconfirmations}},
    author = {{Justin Drake}},
    url = {https://ethresear.ch/t/based-preconfirmations/17353}
}

@misc{W:BasedPreconfirmationswithMulti-roundMEV-Boost,
    title = {{Based Preconfirmations with Multi-round MEV-Boost}},
    author = {{Lin Oshitani}},
    url = {https://ethresear.ch/t/based-preconfirmations-with-multi-round-mev-boost/20091}
}

@misc{W:BasedrollupssuperpowersfromL1sequencing,
    title = {{Based rollupsâ€”superpowers from L1 sequencing}},
    author = {{Justin Drake}},
    url = {https://ethresear.ch/t/based-rollups-superpowers-from-l1-sequencing/15016}
}

@misc{W:CrediblyNeutralPreconfirmationCollateral:ThePreconfirmationRegistry,
    title = {{Credibly Neutral Preconfirmation Collateral: The Preconfirmation Registry}},
    author = {{Matthew}},
    url = {https://ethresear.ch/t/credibly-neutral-preconfirmation-collateral-the-preconfirmation-registry/19634}
}

@misc{W:DelegationinBolt:OutsourcingSophisticationWhilePreservingDecentralization,
    title = {{Delegation in Bolt: Outsourcing Sophistication While Preserving Decentralization}},
    author = {{Francesco Mosterts} and {Jonas Bostoen}},
    url = {https://research.chainbound.io/delegation-in-bolt-outsourcing-sophistication-while-preserving-decentralization}
}

@misc{W:Documentation-BidDecayMechanism,
    title = {{Documentation - Bid Decay Mechanism}},
    author = {{Primev}},
    url = {https://docs.primev.xyz/v1.1.0/concepts/bids/bid-decay-mechanism}
}

@misc{W:Documentation-BidStructure,
    title = {{Documentation - Bid Structure}},
    author = {{Primev}},
    url = {https://docs.primev.xyz/v1.1.0/concepts/bids/bid-structure}
}

@misc{W:EconomicViabilityofPreconfirmations,
    title = {{Economic Viability of Preconfirmations}},
    author = {{Conor McMenamin}},
    url = {https://research.lido.fi/t/updated-lego-proposal-economic-viability-of-preconfirmations/8631}
}

@misc{W:EstimatingtheRevenuefromIndependentSub-SlotAuctionPreconfirmations,
    title = {{Estimating the Revenue from Independent Sub-Slot Auction Preconfirmations}},
    author = {{Finn Casey-Fierro} and {Conor McMenamin}},
    url = {https://research.lido.fi/t/estimating-the-revenue-from-independent-sub-slot-auction-preconfirmations/8801}
}

@inproceedings{P:Fairexchangewithasemi-trustedthirdparty,
    title = {{Fair exchange with a semi-trusted third party}},
    year = {1997},
    booktitle = {Proceedings of the 4th ACM Conference on Computer and Communications Security},
    author = {Franklin, Matthew K and Reiter, Michael K},
    pages = {1--6},
    series = {CCS '97},
    publisher = {Association for Computing Machinery},
    url = {https://doi.org/10.1145/266420.266424},
    address = {New York, NY, USA},
    isbn = {0897919122},
    doi = {10.1145/266420.266424}
}

@misc{W:Fairexchangewithoutatrustedthirdparty,
    title = {{Fair exchange without a trusted third party}},
    author = {{Justin Drake}},
    url = {https://ethresear.ch/t/fair-exchange-without-a-trusted-third-party/255}
}

@misc{W:GitHub-ExampleSlasherImplementations,
    title = {{GitHub - Example Slasher Implementations}},
    author = {{Fabric}},
    url = {https://github.com/eth-fabric/urc/tree/main/example}
}

@misc{W:GitHub-UniversalRegistryContract,
    title = {{GitHub - Universal Registry Contract}},
    author = {{Fabric}},
    url = {https://github.com/eth-fabric/urc}
}

@misc{W:LeaderlessandLeader-BasedPreconfirmations,
    title = {{Leaderless and Leader-Based Preconfirmations}},
    author = {{Christian Matt}},
    url = {https://ethresear.ch/t/leaderless-and-leader-based-preconfirmations/19971}
}

@inproceedings{P:OntheImpossibilityofFairExchangewithoutaTrustedThirdParty,
    title = {{On the Impossibility of Fair Exchange without a Trusted Third Party}},
    year = {1999},
    author = {Pagnia, Henning and Darmstadt, Felix C Gartner},
    url = {https://api.semanticscholar.org/CorpusID:11671049}
}

@misc{W:PreconfirmationFairExchange,
    title = {{Preconfirmation Fair Exchange}},
    author = {{Conor McMenamin}},
    url = {https://ethresear.ch/t/preconfirmation-fair-exchange/21891}
}

@misc{W:PreconfirmationsforVanillaBasedRollups,
    title = {{Preconfirmations for Vanilla Based Rollups}},
    author = {{George Spasov} and {Daniel Ivanov}},
    url = {https://github.com/LimeChain/based-preconfirmations-research/blob/main/docs/preconfirmations-for-vanilla-based-rollups.md}
}

@misc{W:PreconfirmationsGlossaryRequirements,
    title = {{Preconfirmations Glossary {\&} Requirements}},
    author = {{George Spasov}},
    url = {https://hackmd.io/@Perseverance/Sy4a{\_}BX2p}
}

@misc{W:PreconfirmationsundertheNOlens,
    title = {{Preconfirmations under the NO lens}},
    author = {{Umberto Natale}},
    url = {https://ethresear.ch/t/preconfirmations-under-the-no-lens/19975}
}

@misc{W:Preconfirmations:Explained,
    title = {{Preconfirmations: Explained}},
    author = {{Luganodes}},
    url = {https://www.luganodes.com/blog/preconfirmations-explained/}
}

@misc{W:Preconfirmations:TheFulfillment-DeliveryParadigm,
    title = {{Preconfirmations: The Fulfillment-Delivery Paradigm}},
    author = {{Murat Akdeniz}},
    url = {https://mirror.xyz/preconf.eth/sgcuSbd1jgaRXj9odSJW-{\_}OlWIg6jcDREw1hUJnXtgI}
}

@misc{W:PricingTransactionsforPreconfirmation,
    title = {{Pricing Transactions for Preconfirmation}},
    author = {{Beno{\^{i}}t Robaglia} and {Umberto Natale} and {Michael Moser}},
    url = {https://ethresear.ch/t/pricing-transactions-for-preconfirmation/21802}
}

@misc{W:Proposer-CommitmentInfrastructureinEthereum,
    title = {{Proposer-Commitment Infrastructure in Ethereum}},
    author = {{Simon Brown}},
    url = {https://simbro.medium.com/proposer-commitment-infrastructure-in-ethereum-61ad3b31f05f}
}

@misc{W:SequencerOpt-InDiscoveryandCommunication,
    title = {{Sequencer Opt-In, Discovery and Communication}},
    author = {{George Spasov} and {Daniel Ivanov}},
    url = {https://github.com/LimeChain/based-preconfirmations-research/blob/732cb92474554c2529aabc61e83b8f0934ce6adf/docs/optin-mechanics.md}
}

@misc{W:SolutionstothePreconfFairExchangeProblem,
    title = {{Solutions to the Preconf Fair Exchange Problem}},
    author = {{Yaonam}},
    url = {https://ethresear.ch/t/solutions-to-the-preconf-fair-exchange-problem/19779}
}

@misc{W:StrawmanningBasedPreconfirmations,
    title = {{Strawmanning Based Preconfirmations}},
    author = {{Lin Oshitani}},
    url = {https://ethresear.ch/t/strawmanning-based-preconfirmations/19695}
}

@misc{W:ThePreconfirmationGatewayUnlockingPreconfirmations:FromUsertoPreconfer,
    title = {{The Preconfirmation Gateway {\~{}} Unlocking Preconfirmations: From User to Preconfer}},
    author = {{Matthew}},
    url = {https://ethresear.ch/t/the-preconfirmation-gateway-unlocking-preconfirmations-from-user-to-preconfer/18812}
}

@misc{W:ThePreconfirmationSauna,
    title = {{The Preconfirmation Sauna}},
    author = {{Conor McMenamin}},
    url = {https://ethresear.ch/t/the-preconfirmation-sauna/19762}
}

@misc{W:Towardsanimplementationofbasedpreconfirmationsleveragingrestaking,
    title = {{Towards an implementation of based preconfirmations leveraging restaking}},
    author = {{cairo}},
    url = {https://ethresear.ch/t/towards-an-implementation-of-based-preconfirmations-leveraging-restaking/19211}
}

@misc{W:UniversalRegistryContract,
    title = {{Universal Registry Contract}},
    author = {{Fabric}},
    url = {https://eth-fabric.github.io/website/development/l1-components/urc}
}

@misc{W:User-DefinedPenalties:EnsuringHonestPreconfBehavior,
    title = {{User-Defined Penalties: Ensuring Honest Preconf Behavior}},
    author = {{Jonah Burian}},
    url = {https://ethresear.ch/t/user-defined-penalties-ensuring-honest-preconf-behavior/19545}
}

@misc{W:Value-CapturingBasedRollupswithBasedPreconfirmations,
    title = {{Value-Capturing Based Rollups with Based Preconfirmations}},
    author = {{Conor McMenamin}},
    url = {https://collective.flashbots.net/t/value-capturing-based-rollups-with-based-preconfirmations/2884}
}